% Encoding: UTF-8
@incollection{costinot2014,
  title={Trade theory with numbers: Quantifying the consequences of globalization},
  author={Costinot, Arnaud and Rodr{\'\i}guez-Clare, Andr{\'e}s},
  booktitle={Handbook of international economics},
  volume={4},
  pages={197--261},
  year={2014},
  publisher={Elsevier}
}

@article{DS1977,
  Author = {Dixit, Avinash K. and Stiglitz, Joseph E.},
  Title = {Monopolistic competition and optimum product diversity},
  Journal = {The American Economic Review},
  Volume = {67},
  Number = {3},
  Pages = {297-308},
  Year = {1977} }

@article{EK2002,
  title={Technology, geography, and trade},
  author={Eaton, Jonathan and Kortum, Samuel},
  journal={Econometrica},
  volume={70},
  number={5},
  pages={1741--1779},
  year={2002},
  publisher={Wiley Online Library}
}

@article{DFS1977,
  title={Comparative advantage, trade, and payments in a Ricardian model with a continuum of goods},
  author={Dornbusch, Rudiger and Fischer, Stanley and Samuelson, Paul Anthony},
  journal={The American Economic Review},
  volume={67},
  number={5},
  pages={823--839},
  year={1977},
  publisher={JSTOR}
}

@article{Krugman1980,
title={Scale Economies, Product Differentiation, and the Pattern of Trade},
author={Krugman, Paul},
journal={The American Economic Review},
volume={70},
number={5},
pages={950--959},
year={1980}}