% Encoding: UTF-8

@Book{MWP06-HighStat,
  author    = {茆诗松 and 王静龙 and 濮晓龙},
  title     = {高等数理统计},
  year      = {2006},
  edition   = {第二版},
  publisher = {高等教育出版社}
}


@BOOK{Unwin-Visualize06,
  title = {Graphics of Large Datasets Visualizing a Million},
  publisher = {Springer},
  year = {2006},
  author = {Antony Unwin and Martin Theus and Heike Hofmann}
}


@Article{Wichmann1982:RNG,
  author  = {Wichmann, B. A. and Hill, I. D.},
  title   = {Algorithm as 183: An efficient and portable pseudo-random number generator},
  journal = {Applied Statistics},
  year    = {1982},
  volume  = {31},
  pages   = {188–190. Remarks: 34, 198 and 35, 89},
}

@Book{QGCZ2011:StochProc,
  author    = {钱敏平 and 龚光鲁 and 陈大岳 and 章复熹},
  title     = {应用随机过程},
  year      = {2011},
  publisher = {高等教育出版社},
}

@article{Lin2018,
  title={从经济学视角看文化自信},
  author={林毅夫},
  journal={中国品牌},
  number={1},
  pages={94-94},
  year={2018},
}